<?xml version="1.0" encoding="UTF-8"?>
<collection xmlns="http://www.loc.gov/MARC21/slim">
  <record>
    <leader>01947nam0 2200361 i 450 </leader>
    <controlfield tag="001">TEST\0000029968</controlfield>
    <controlfield tag="005">20101213172919.8</controlfield>
    <datafield tag="010" ind1=" " ind2=" ">
      <subfield code="a">978-5-17-054537-7</subfield>
      <subfield code="b">АСТ (С.:ПС)</subfield>
    </datafield>
    <datafield tag="010" ind1=" " ind2=" ">
      <subfield code="a">978-5-271-21641-1</subfield>
      <subfield code="b">Астрель</subfield>
    </datafield>
    <datafield tag="010" ind1=" " ind2=" ">
      <subfield code="a">978-5-17-055490-4</subfield>
      <subfield code="b">АСТ (C.:ПС-2)</subfield>
      <subfield code="9">7000</subfield>
    </datafield>
    <datafield tag="010" ind1=" " ind2=" ">
      <subfield code="a">978-5-271-21854-5</subfield>
      <subfield code="b">Астрель</subfield>
      <subfield code="d">225.24</subfield>
      <subfield code="9">7000</subfield>
    </datafield>
    <datafield tag="035" ind1=" " ind2=" ">
      <subfield code="a">IZD\AST\2007\864039</subfield>
    </datafield>
    <datafield tag="100" ind1=" " ind2=" ">
      <subfield code="a">20081218d2008####u##y0rusy0189####са</subfield>
    </datafield>
    <datafield tag="101" ind1="0" ind2=" ">
      <subfield code="a">rus</subfield>
    </datafield>
    <datafield tag="102" ind1=" " ind2=" ">
      <subfield code="a">RU</subfield>
    </datafield>
    <datafield tag="105" ind1=" " ind2=" ">
      <subfield code="a">y###z###|||a|</subfield>
    </datafield>
    <datafield tag="106" ind1=" " ind2=" ">
      <subfield code="a">r</subfield>
    </datafield>
    <datafield tag="200" ind1="1" ind2=" ">
      <subfield code="a">Любовь в седьмом вагоне</subfield>
      <subfield code="e">[рассказы]</subfield>
      <subfield code="f">Ольга Славникова</subfield>
      <subfield code="g">[предисл. авт.]</subfield>
    </datafield>
    <datafield tag="210" ind1=" " ind2=" ">
      <subfield code="a">Москва</subfield>
      <subfield code="c">АСТ</subfield>
      <subfield code="c">Астрель</subfield>
      <subfield code="d">2008</subfield>
    </datafield>
    <datafield tag="215" ind1=" " ind2=" ">
      <subfield code="a">284, [2] с.</subfield>
      <subfield code="d">21</subfield>
    </datafield>
    <datafield tag="327" ind1="1" ind2=" ">
      <subfield code="a">Содерж.: Русская пуля; Норковая шапка В.И. Падерина; Вещество; Статуя командора; Тайна кошки; Старик и смерч; Под покровом Моцарта; Восьмой шар; Сестры Черепановы; Любовь в седьмом вагоне</subfield>
    </datafield>
    <datafield tag="330" ind1=" " ind2=" ">
      <subfield code="a">Ольга Славникова - известная романистка, лауреат премии &quot;Русский Букер&quot; представлена здесь как прекрасная рассказчица. Истории, вошедшие в сборник, увлекательны и разнообразны: love story, детектив, фантастика, лубок... И все они объединены темой железной дороги, неиссякаемым источником сюжетов и характеров. Главное, говорит автор, будьте готовы заглянуть за пределы обыденной действительности, не важно - читаете ли вы эту книгу, сидя дома в удобном кресле или посматриваете в окно на пейзаж, мимо которого мчится скорый поезд...</subfield>
    </datafield>
    <datafield tag="610" ind1="1" ind2=" ">
      <subfield code="a">Русская художественная литература</subfield>
      <subfield code="z">20 в.</subfield>
    </datafield>
    <datafield tag="686" ind1=" " ind2=" ">
      <subfield code="a">84(2=Рус)6</subfield>
      <subfield code="2">rubbk</subfield>
      <subfield code="9">LBC/RL</subfield>
    </datafield>
    <datafield tag="700" ind1=" " ind2="1">
      <subfield code="a">Славникова</subfield>
      <subfield code="b">О. А.</subfield>
      <subfield code="g">Ольга Александровна</subfield>
    </datafield>
    <datafield tag="801" ind1=" " ind2="0">
      <subfield code="a">RU</subfield>
      <subfield code="b">ЛИБНЕТ</subfield>
      <subfield code="c">20081007</subfield>
    </datafield>
    <datafield tag="801" ind1=" " ind2="1">
      <subfield code="a">RU</subfield>
      <subfield code="b">ЦУНБ Москва</subfield>
      <subfield code="c">20081029</subfield>
      <subfield code="2">rusmarc</subfield>
    </datafield>
    <datafield tag="801" ind1=" " ind2="2">
      <subfield code="a">RU</subfield>
      <subfield code="b">Тестовая библиотека</subfield>
      <subfield code="c">20081218</subfield>
      <subfield code="g">PSBO</subfield>
    </datafield>
    <datafield tag="830" ind1=" " ind2=" ">
      <subfield code="a">CODE_OF_LIBNET\000013843</subfield>
    </datafield>
    <datafield tag="899" ind1=" " ind2=" ">
      <subfield code="a">Тестовая библиотека</subfield>
      <subfield code="b">АБ</subfield>
      <subfield code="p">000017743</subfield>
      <subfield code="x">2070853</subfield>
      <subfield code="9">225.24</subfield>
      <subfield code="i">С47</subfield>
    </datafield>
    <datafield tag="899" ind1=" " ind2=" ">
      <subfield code="a">Тестовая библиотека</subfield>
      <subfield code="b">АБ</subfield>
      <subfield code="p">000021853</subfield>
      <subfield code="x">2075488</subfield>
      <subfield code="9">247.61</subfield>
      <subfield code="i">С47</subfield>
    </datafield>
    <datafield tag="899" ind1=" " ind2=" ">
      <subfield code="a">Тестовая библиотека</subfield>
      <subfield code="b">АБ</subfield>
      <subfield code="p">000021860</subfield>
      <subfield code="x">2075489</subfield>
      <subfield code="9">247.61</subfield>
      <subfield code="i">С47</subfield>
    </datafield>
    <datafield tag="909" ind1=" " ind2=" ">
      <subfield code="a">Однотомник.</subfield>
    </datafield>
  </record>