
  <record>
    <leader>01244nam0 2200349 i 450 </leader>
    <controlfield tag="001">TEST\0000029960</controlfield>
    <controlfield tag="005">20101214172613.5</controlfield>
    <datafield tag="010" ind1=" " ind2=" ">
      <subfield code="a">978-5-9691-0371-9</subfield>
      <subfield code="b">в пер.</subfield>
      <subfield code="d">300.29</subfield>
      <subfield code="9">3000</subfield>
    </datafield>
    <datafield tag="021" ind1=" " ind2=" ">
      <subfield code="a">RU</subfield>
      <subfield code="b">2008-81356</subfield>
      <subfield code="9">4729</subfield>
    </datafield>
    <datafield tag="035" ind1=" " ind2=" ">
      <subfield code="a">RU\NLR\bibl\1301578</subfield>
    </datafield>
    <datafield tag="100" ind1=" " ind2=" ">
      <subfield code="a">20081218d2008####u##y0rusy0189####са</subfield>
    </datafield>
    <datafield tag="101" ind1="0" ind2=" ">
      <subfield code="a">rus</subfield>
    </datafield>
    <datafield tag="102" ind1=" " ind2=" ">
      <subfield code="a">RU</subfield>
    </datafield>
    <datafield tag="105" ind1=" " ind2=" ">
      <subfield code="a">с###z###|||a|</subfield>
    </datafield>
    <datafield tag="106" ind1=" " ind2=" ">
      <subfield code="a">r</subfield>
    </datafield>
    <datafield tag="200" ind1="1" ind2=" ">
      <subfield code="a">Пятьдесят лет в раю</subfield>
      <subfield code="e">роман без масок</subfield>
      <subfield code="f">Руслан Киреев</subfield>
    </datafield>
    <datafield tag="210" ind1=" " ind2=" ">
      <subfield code="a">Москва</subfield>
      <subfield code="c">Время</subfield>
      <subfield code="d">2008</subfield>
    </datafield>
    <datafield tag="215" ind1=" " ind2=" ">
      <subfield code="a">622, [1] с.</subfield>
      <subfield code="c">портр.</subfield>
      <subfield code="d">21</subfield>
    </datafield>
    <datafield tag="300" ind1=" " ind2=" ">
      <subfield code="a">На обл.: Финалист Национальной литературной премии &quot;Большая книга&quot; - 2008</subfield>
    </datafield>
    <datafield tag="512" ind1="1" ind2=" ">
      <subfield code="a">50 лет в раю</subfield>
      <subfield code="e"> роман без масок</subfield>
    </datafield>
    <datafield tag="606" ind1="1" ind2=" ">
      <subfield code="3">RU\NLR\auth\66496</subfield>
      <subfield code="a">Русская советская литература</subfield>
      <subfield code="j">Воспоминания, записки и т.п.</subfield>
      <subfield code="2">nlr_sh</subfield>
    </datafield>
    <datafield tag="610" ind1="1" ind2=" ">
      <subfield code="a">Русская художественная литература</subfield>
      <subfield code="z">20 в.</subfield>
    </datafield>
    <datafield tag="610" ind1="1" ind2=" ">
      <subfield code="a">Воспоминания и записки</subfield>
    </datafield>
    <datafield tag="686" ind1=" " ind2=" ">
      <subfield code="a">84(2=Рус)6</subfield>
      <subfield code="2">rubbk</subfield>
      <subfield code="9">LBC/RL</subfield>
    </datafield>
    <datafield tag="700" ind1=" " ind2="1">
      <subfield code="a">Киреев</subfield>
      <subfield code="b">Р. Т.</subfield>
      <subfield code="g">Руслан Тимофеевич</subfield>
    </datafield>
    <datafield tag="801" ind1=" " ind2="0">
      <subfield code="a">RU</subfield>
      <subfield code="b">NLR</subfield>
      <subfield code="c">20081202</subfield>
      <subfield code="g">RCR</subfield>
    </datafield>
    <datafield tag="801" ind1=" " ind2="1">
      <subfield code="a">RU</subfield>
      <subfield code="b">NLR</subfield>
      <subfield code="c">20081202</subfield>
    </datafield>
    <datafield tag="801" ind1=" " ind2="2">
      <subfield code="a">RU</subfield>
      <subfield code="b">Тестовая библиотека</subfield>
      <subfield code="c">20081218</subfield>
      <subfield code="g">PSBO</subfield>
    </datafield>
    <datafield tag="830" ind1=" " ind2=" ">
      <subfield code="a">авт. по кн.</subfield>
    </datafield>
    <datafield tag="899" ind1=" " ind2=" ">
      <subfield code="a">Тестовая библиотека</subfield>
      <subfield code="b">АБ</subfield>
      <subfield code="p">000030104</subfield>
      <subfield code="x">2071889</subfield>
      <subfield code="9">369.60</subfield>
      <subfield code="i">К43</subfield>
    </datafield>
    <datafield tag="899" ind1=" " ind2=" ">
      <subfield code="a">Тестовая библиотека</subfield>
      <subfield code="b">АБ</subfield>
      <subfield code="p">000017738</subfield>
      <subfield code="x">2070848</subfield>
      <subfield code="9">300.29</subfield>
      <subfield code="i">К43</subfield>
    </datafield>
    <datafield tag="909" ind1=" " ind2=" ">
      <subfield code="a">Однотомник.</subfield>
    </datafield>
  </record>