
  <record>
    <leader>01896nam0 2200337 i 450 </leader>
    <controlfield tag="001">TEST\0000029966</controlfield>
    <controlfield tag="005">20091125102007.2</controlfield>
    <datafield tag="010" ind1=" " ind2=" ">
      <subfield code="a">978-5-17-054584-1</subfield>
      <subfield code="b">АСТ</subfield>
    </datafield>
    <datafield tag="010" ind1=" " ind2=" ">
      <subfield code="a">978-5-271-21331-1</subfield>
      <subfield code="b">Астрель</subfield>
      <subfield code="d">270.65</subfield>
      <subfield code="9">20000</subfield>
    </datafield>
    <datafield tag="035" ind1=" " ind2=" ">
      <subfield code="a">IZD\AST\2007\851448</subfield>
    </datafield>
    <datafield tag="100" ind1=" " ind2=" ">
      <subfield code="a">20081218d2008####u##y0rusy0189####са</subfield>
    </datafield>
    <datafield tag="101" ind1="0" ind2=" ">
      <subfield code="a">rus</subfield>
    </datafield>
    <datafield tag="102" ind1=" " ind2=" ">
      <subfield code="a">RU</subfield>
    </datafield>
    <datafield tag="105" ind1=" " ind2=" ">
      <subfield code="a">y###z###|||a|</subfield>
    </datafield>
    <datafield tag="106" ind1=" " ind2=" ">
      <subfield code="a">r</subfield>
    </datafield>
    <datafield tag="200" ind1="1" ind2=" ">
      <subfield code="a">Сахарный Кремль</subfield>
      <subfield code="e">[роман]</subfield>
      <subfield code="f">Владимир Сорокин</subfield>
    </datafield>
    <datafield tag="210" ind1=" " ind2=" ">
      <subfield code="a">Москва</subfield>
      <subfield code="c">АСТ</subfield>
      <subfield code="c">Астрель</subfield>
      <subfield code="d">2008</subfield>
    </datafield>
    <datafield tag="215" ind1=" " ind2=" ">
      <subfield code="a">347, [2] с.</subfield>
      <subfield code="d">21</subfield>
    </datafield>
    <datafield tag="330" ind1=" " ind2=" ">
      <subfield code="a">&quot;Государыня идет по Кремлю, обозревая его и трогая себя. Сердце ее бьется радостно и оглушительно. Ей так хорошо, что она постанывает от радости при каждом шаге. Стоны становятся все громче, государыня начинает издавать резкие, восторженные звуки. Отразившись от ослепительно белых кремлевских стен, вскрики возвращаются к ней в виде причудливого эха. Она вскрикивает и взвизгивает все сильнее. И вдруг обнаруживает в себе удивительную новую возможность, чудесный дар, проснувшийся в теле: ее помолодевшее, подтянувшееся горло может петь. Да и как петь! Не просто, как все поют, а мощно, высоко, чисто, беря любые ноты. Государыня пробует свое обновленное горло, заставляя его издавать самые причудливые звуки. Горло повинуется ей. Голос ее звенит в Кремле&quot;.</subfield>
    </datafield>
    <datafield tag="610" ind1="1" ind2=" ">
      <subfield code="a">Русская художественная литература</subfield>
      <subfield code="z">20 в.</subfield>
    </datafield>
    <datafield tag="686" ind1=" " ind2=" ">
      <subfield code="a">84(2=Рус)6</subfield>
      <subfield code="2">rubbk</subfield>
      <subfield code="9">LBC/RL</subfield>
    </datafield>
    <datafield tag="700" ind1=" " ind2="1">
      <subfield code="a">Сорокин</subfield>
      <subfield code="b">В. Г.</subfield>
      <subfield code="g">Владимир Г.</subfield>
    </datafield>
    <datafield tag="801" ind1=" " ind2="0">
      <subfield code="a">RU</subfield>
      <subfield code="b">ЛИБНЕТ</subfield>
      <subfield code="c">20080828</subfield>
    </datafield>
    <datafield tag="801" ind1=" " ind2="1">
      <subfield code="a">RU</subfield>
      <subfield code="b">ЦУНБ Москва</subfield>
      <subfield code="c">20080930</subfield>
      <subfield code="2">rusmarc</subfield>
    </datafield>
    <datafield tag="801" ind1=" " ind2="2">
      <subfield code="a">RU</subfield>
      <subfield code="b">Тестовая библиотека</subfield>
      <subfield code="c">20081218</subfield>
      <subfield code="g">PSBO</subfield>
    </datafield>
    <datafield tag="830" ind1=" " ind2=" ">
      <subfield code="a">CODE_OF_LIBNET\000011744</subfield>
    </datafield>
    <datafield tag="899" ind1=" " ind2=" ">
      <subfield code="a">Тестовая библиотека</subfield>
      <subfield code="b">АБ</subfield>
      <subfield code="p">000017740</subfield>
      <subfield code="x">2070850</subfield>
      <subfield code="9">270.65</subfield>
      <subfield code="i">С654</subfield>
    </datafield>
    <datafield tag="899" ind1=" " ind2=" ">
      <subfield code="a">Тестовая библиотека</subfield>
      <subfield code="b">АБ</subfield>
      <subfield code="p">000021757</subfield>
      <subfield code="x">2074925</subfield>
      <subfield code="9">268.25</subfield>
      <subfield code="i">С654</subfield>
    </datafield>
    <datafield tag="899" ind1=" " ind2=" ">
      <subfield code="a">Тестовая библиотека</subfield>
      <subfield code="b">АБ</subfield>
      <subfield code="p">000022805</subfield>
      <subfield code="x">2076236</subfield>
      <subfield code="9">297.95</subfield>
      <subfield code="i">С654</subfield>
    </datafield>
    <datafield tag="899" ind1=" " ind2=" ">
      <subfield code="a">Тестовая библиотека</subfield>
      <subfield code="b">АБ</subfield>
      <subfield code="p">000022806</subfield>
      <subfield code="x">2076237</subfield>
      <subfield code="9">297.95</subfield>
      <subfield code="i">С654</subfield>
    </datafield>
    <datafield tag="909" ind1=" " ind2=" ">
      <subfield code="a">Однотомник.</subfield>
    </datafield>
  </record>