
  <record>
    <leader>01199nam0 2200337 i 450 </leader>
    <controlfield tag="001">TEST\0000029840</controlfield>
    <controlfield tag="005">20110218134141.9</controlfield>
    <datafield tag="010" ind1=" " ind2=" ">
      <subfield code="a">5-721113-05-1</subfield>
      <subfield code="d">115.00</subfield>
    </datafield>
    <datafield tag="035" ind1=" " ind2=" ">
      <subfield code="a">DGPB\BIBL\0000049981</subfield>
    </datafield>
    <datafield tag="035" ind1=" " ind2=" ">
      <subfield code="a">EL/0000189626</subfield>
    </datafield>
    <datafield tag="100" ind1=" " ind2=" ">
      <subfield code="a">20081217d2002####u##y0rusy0189####ca</subfield>
    </datafield>
    <datafield tag="101" ind1="0" ind2=" ">
      <subfield code="a">rus</subfield>
    </datafield>
    <datafield tag="102" ind1=" " ind2=" ">
      <subfield code="a">RU</subfield>
    </datafield>
    <datafield tag="105" ind1=" " ind2=" ">
      <subfield code="a">y###e###|||||</subfield>
    </datafield>
    <datafield tag="106" ind1=" " ind2=" ">
      <subfield code="a">r</subfield>
    </datafield>
    <datafield tag="200" ind1="1" ind2=" ">
      <subfield code="a">Краткий русско-японский [фонетико-иероглифический] словарь</subfield>
      <subfield code="e">[около 10000</subfield>
      <subfield code="f">сост. К.В. Иванов]</subfield>
    </datafield>
    <datafield tag="210" ind1=" " ind2=" ">
      <subfield code="a">[Обнинск</subfield>
      <subfield code="c">б. и.</subfield>
      <subfield code="d">2002]</subfield>
    </datafield>
    <datafield tag="215" ind1=" " ind2=" ">
      <subfield code="a">312 с.</subfield>
      <subfield code="d">15</subfield>
    </datafield>
    <datafield tag="606" ind1=" " ind2=" ">
      <subfield code="3">RU\NLR\AUTH\661312627</subfield>
      <subfield code="a">Русский язык</subfield>
      <subfield code="x">Словари</subfield>
      <subfield code="x">Японский язык</subfield>
      <subfield code="2">nlr_sh</subfield>
    </datafield>
    <datafield tag="610" ind1="0" ind2=" ">
      <subfield code="a">Русско-японские словари</subfield>
    </datafield>
    <datafield tag="686" ind1=" " ind2=" ">
      <subfield code="a">81.754.42-4</subfield>
      <subfield code="v">LBC/RL</subfield>
      <subfield code="2">rubbk</subfield>
    </datafield>
    <datafield tag="702" ind1=" " ind2="1">
      <subfield code="a">Иванов</subfield>
      <subfield code="b">К. В.</subfield>
      <subfield code="4">220</subfield>
    </datafield>
    <datafield tag="801" ind1=" " ind2="0">
      <subfield code="a">RU</subfield>
      <subfield code="b">Донская ГПБ</subfield>
      <subfield code="c">20061005</subfield>
      <subfield code="g">RCR</subfield>
    </datafield>
    <datafield tag="801" ind1=" " ind2="1">
      <subfield code="a">RU</subfield>
      <subfield code="b">Донская ГПБ</subfield>
      <subfield code="c">20061005</subfield>
      <subfield code="2">rusmarc</subfield>
    </datafield>
    <datafield tag="801" ind1=" " ind2="2">
      <subfield code="a">RU</subfield>
      <subfield code="b">Тестовая библиотека</subfield>
      <subfield code="c">20080916</subfield>
      <subfield code="g">PSBO</subfield>
    </datafield>
    <datafield tag="830" ind1=" " ind2=" ">
      <subfield code="a">Библиограф Рябоконь</subfield>
    </datafield>
    <datafield tag="899" ind1=" " ind2=" ">
      <subfield code="a">Тестовая библиотека</subfield>
      <subfield code="b">ИО</subfield>
      <subfield code="x">2061849</subfield>
      <subfield code="9">115.00</subfield>
      <subfield code="p">000008446</subfield>
      <subfield code="i">К786</subfield>
      <subfield code="j">81.754.42я2</subfield>
    </datafield>
    <datafield tag="899" ind1=" " ind2=" ">
      <subfield code="a">Тестовая библиотека</subfield>
      <subfield code="b">ИО</subfield>
      <subfield code="x">2069267</subfield>
      <subfield code="9">150.00</subfield>
      <subfield code="p">000015899</subfield>
      <subfield code="i">К786</subfield>
      <subfield code="j">81.754.42я2</subfield>
    </datafield>
    <datafield tag="899" ind1=" " ind2=" ">
      <subfield code="a">Тестовая библиотека</subfield>
      <subfield code="b">ИО</subfield>
      <subfield code="x">2069268</subfield>
      <subfield code="9">150.00</subfield>
      <subfield code="p">000015903</subfield>
      <subfield code="i">К786</subfield>
      <subfield code="j">81.754.42я2</subfield>
    </datafield>
    <datafield tag="899" ind1=" " ind2=" ">
      <subfield code="a">Тестовая библиотека</subfield>
    </datafield>
    <datafield tag="909" ind1=" " ind2=" ">
      <subfield code="a">Однотомник.</subfield>
    </datafield>
  </record>