
  <record>
    <leader>01515nam0 2200349 i 450 </leader>
    <controlfield tag="001">TEST\0000029969</controlfield>
    <controlfield tag="005">20110228170639.5</controlfield>
    <datafield tag="010" ind1=" " ind2=" ">
      <subfield code="a">978-5-699-30532-2</subfield>
      <subfield code="b">в пер.</subfield>
      <subfield code="d">283.57</subfield>
      <subfield code="9">150100</subfield>
    </datafield>
    <datafield tag="021" ind1=" " ind2=" ">
      <subfield code="a">РКП</subfield>
      <subfield code="b">08-79433</subfield>
    </datafield>
    <datafield tag="035" ind1=" " ind2=" ">
      <subfield code="a">RSL-KNO-004130513</subfield>
    </datafield>
    <datafield tag="100" ind1=" " ind2=" ">
      <subfield code="a">20081218d2008####u##y0rusy0189####са</subfield>
    </datafield>
    <datafield tag="101" ind1="0" ind2=" ">
      <subfield code="a">rus</subfield>
    </datafield>
    <datafield tag="102" ind1=" " ind2=" ">
      <subfield code="a">RU</subfield>
    </datafield>
    <datafield tag="105" ind1=" " ind2=" ">
      <subfield code="a">y###z###|||a|</subfield>
    </datafield>
    <datafield tag="106" ind1=" " ind2=" ">
      <subfield code="a">r</subfield>
    </datafield>
    <datafield tag="200" ind1="1" ind2=" ">
      <subfield code="a">П5. Прощальные песни политических пигмеев пиндостана</subfield>
      <subfield code="f">Виктор Пелевин</subfield>
    </datafield>
    <datafield tag="210" ind1=" " ind2=" ">
      <subfield code="a">Москва</subfield>
      <subfield code="c">Эксмо</subfield>
      <subfield code="d">2008</subfield>
    </datafield>
    <datafield tag="215" ind1=" " ind2=" ">
      <subfield code="a">287 с.</subfield>
      <subfield code="d">20</subfield>
    </datafield>
    <datafield tag="517" ind1="1" ind2=" ">
      <subfield code="a">Прощальные песни политических пигмеев пиндостана</subfield>
    </datafield>
    <datafield tag="610" ind1="1" ind2=" ">
      <subfield code="a">Филологические науки. Художественная литература -- Российская Федерация -- Русская литература -- с сер. 50-х гг. 20 в. -- Произведения художественной литературы -- Художественная проза -- Романы. Повести. Рассказы -- Фантастические и мистические романы, повести, рассказы. Романы ужасов</subfield>
    </datafield>
    <datafield tag="610" ind1="1" ind2=" ">
      <subfield code="a">Русская художественная литература</subfield>
      <subfield code="z">20 в.</subfield>
    </datafield>
    <datafield tag="686" ind1=" " ind2=" ">
      <subfield code="a">84(2=Рус)6</subfield>
      <subfield code="2">rubbk</subfield>
      <subfield code="9">LBC/RL</subfield>
    </datafield>
    <datafield tag="700" ind1=" " ind2="1">
      <subfield code="a">Пелевин</subfield>
      <subfield code="b">В. О.</subfield>
      <subfield code="f">1962-</subfield>
      <subfield code="g">Виктор Олегович</subfield>
    </datafield>
    <datafield tag="801" ind1=" " ind2="0">
      <subfield code="a">RU</subfield>
      <subfield code="b">РКП</subfield>
      <subfield code="c">20081010</subfield>
      <subfield code="g">rcr</subfield>
    </datafield>
    <datafield tag="801" ind1=" " ind2="1">
      <subfield code="a">RU</subfield>
      <subfield code="b">РГБ</subfield>
      <subfield code="c">20081010</subfield>
    </datafield>
    <datafield tag="801" ind1=" " ind2="2">
      <subfield code="a">RU</subfield>
      <subfield code="b">Тестовая библиотека</subfield>
      <subfield code="c">20081218</subfield>
      <subfield code="g">PSBO</subfield>
    </datafield>
    <datafield tag="899" ind1=" " ind2=" ">
      <subfield code="a">Тестовая библиотека</subfield>
      <subfield code="b">АБ</subfield>
      <subfield code="p">000017739</subfield>
      <subfield code="x">2070849</subfield>
      <subfield code="9">283.57</subfield>
      <subfield code="i">П246</subfield>
    </datafield>
    <datafield tag="899" ind1=" " ind2=" ">
      <subfield code="a">Тестовая библиотека</subfield>
      <subfield code="b">АБ</subfield>
      <subfield code="p">000021688</subfield>
      <subfield code="x">2074918</subfield>
      <subfield code="9">293.22</subfield>
      <subfield code="i">П246</subfield>
    </datafield>
    <datafield tag="899" ind1=" " ind2=" ">
      <subfield code="a">Тестовая библиотека</subfield>
      <subfield code="b">АБ</subfield>
      <subfield code="p">000025195</subfield>
      <subfield code="x">2078485</subfield>
      <subfield code="9">312.60</subfield>
      <subfield code="i">П246</subfield>
    </datafield>
    <datafield tag="899" ind1=" " ind2=" ">
      <subfield code="a">Тестовая библиотека</subfield>
      <subfield code="b">АБ</subfield>
      <subfield code="p">000025196</subfield>
      <subfield code="x">2078486</subfield>
      <subfield code="9">312.60</subfield>
      <subfield code="i">П246</subfield>
    </datafield>
    <datafield tag="899" ind1=" " ind2=" ">
      <subfield code="a">Тестовая библиотека</subfield>
      <subfield code="b">ОЧ</subfield>
      <subfield code="p">000025197</subfield>
      <subfield code="x">2078487</subfield>
      <subfield code="9">312.60</subfield>
      <subfield code="i">П246</subfield>
    </datafield>
    <datafield tag="909" ind1=" " ind2=" ">
      <subfield code="a">Однотомник.</subfield>
    </datafield>
  </record>