
  <record>
    <leader>01472nam0 2200397 i 450 </leader>
    <controlfield tag="001">TEST\0000030011</controlfield>
    <controlfield tag="005">20101119120012.8</controlfield>
    <datafield tag="010" ind1=" " ind2=" ">
      <subfield code="a">5-7695-3271-8</subfield>
      <subfield code="b">в пер.</subfield>
      <subfield code="d">100.00</subfield>
      <subfield code="9">7000</subfield>
    </datafield>
    <datafield tag="035" ind1=" " ind2=" ">
      <subfield code="a">EL/0000127891</subfield>
    </datafield>
    <datafield tag="100" ind1=" " ind2=" ">
      <subfield code="a">20081219d2006####u##y0rusy0189####са</subfield>
    </datafield>
    <datafield tag="101" ind1="0" ind2=" ">
      <subfield code="a">rus</subfield>
    </datafield>
    <datafield tag="102" ind1=" " ind2=" ">
      <subfield code="a">RU</subfield>
    </datafield>
    <datafield tag="105" ind1=" " ind2=" ">
      <subfield code="a">a###j###|||||</subfield>
    </datafield>
    <datafield tag="106" ind1=" " ind2=" ">
      <subfield code="a">r</subfield>
    </datafield>
    <datafield tag="200" ind1="1" ind2=" ">
      <subfield code="a">Статистика</subfield>
      <subfield code="e">учебник</subfield>
      <subfield code="e">для студентов образовательных учреждений среднего профессионального образования</subfield>
      <subfield code="f">[В.С. Мхитарян  и др.]</subfield>
      <subfield code="g">под ред. В.С. Мхитаряна</subfield>
    </datafield>
    <datafield tag="205" ind1=" " ind2=" ">
      <subfield code="a">5-е изд., стер.</subfield>
    </datafield>
    <datafield tag="210" ind1=" " ind2=" ">
      <subfield code="a">Москва</subfield>
      <subfield code="c">Академия</subfield>
      <subfield code="d">2006</subfield>
    </datafield>
    <datafield tag="215" ind1=" " ind2=" ">
      <subfield code="a">271, [1] с.</subfield>
      <subfield code="c">ил.</subfield>
      <subfield code="d">22</subfield>
    </datafield>
    <datafield tag="225" ind1="1" ind2=" ">
      <subfield code="a">Среднее профессиональное образование</subfield>
      <subfield code="i">Экономика и управление</subfield>
    </datafield>
    <datafield tag="225" ind1="1" ind2=" ">
      <subfield code="a">Учебник</subfield>
    </datafield>
    <datafield tag="300" ind1=" " ind2=" ">
      <subfield code="a">Авт. указаны на обороте тит. л.</subfield>
    </datafield>
    <datafield tag="320" ind1=" " ind2=" ">
      <subfield code="a">Библиогр.: с. 270 (11 назв.)</subfield>
    </datafield>
    <datafield tag="606" ind1="1" ind2=" ">
      <subfield code="a">Статистика</subfield>
      <subfield code="j">Учебные издания для среднего профессионального образования</subfield>
      <subfield code="2">nlr-sh</subfield>
      <subfield code="3">RU\NLR\auth\66114905</subfield>
    </datafield>
    <datafield tag="610" ind1="1" ind2=" ">
      <subfield code="a">Статистика</subfield>
    </datafield>
    <datafield tag="610" ind1="1" ind2=" ">
      <subfield code="a">Экономическая статистика</subfield>
    </datafield>
    <datafield tag="610" ind1="1" ind2=" ">
      <subfield code="a">Учебники и пособия</subfield>
    </datafield>
    <datafield tag="686" ind1=" " ind2=" ">
      <subfield code="a">60.60я7</subfield>
      <subfield code="2">rubbk</subfield>
      <subfield code="9">LBC/RL</subfield>
    </datafield>
    <datafield tag="686" ind1=" " ind2=" ">
      <subfield code="a">65.051я7</subfield>
      <subfield code="2">rubbk</subfield>
      <subfield code="9">LBC/RL</subfield>
    </datafield>
    <datafield tag="701" ind1=" " ind2="1">
      <subfield code="a">Мхитарян</subfield>
      <subfield code="b">В. С.</subfield>
      <subfield code="g">Владимир Сергеевич</subfield>
    </datafield>
    <datafield tag="701" ind1=" " ind2="1">
      <subfield code="a">Дуброва</subfield>
      <subfield code="b">Т. А.</subfield>
      <subfield code="g">Татьяна Абрамовна</subfield>
    </datafield>
    <datafield tag="701" ind1=" " ind2="1">
      <subfield code="a">Минашкин</subfield>
      <subfield code="b">В. Г.</subfield>
      <subfield code="g">Виталий Григорьевич</subfield>
    </datafield>
    <datafield tag="801" ind1=" " ind2="0">
      <subfield code="a">RU</subfield>
      <subfield code="b">НБР Саха</subfield>
      <subfield code="c">20070605</subfield>
      <subfield code="g">rcr</subfield>
    </datafield>
    <datafield tag="801" ind1=" " ind2="1">
      <subfield code="a">RU</subfield>
      <subfield code="b">НБР Саха</subfield>
      <subfield code="c">20070605</subfield>
    </datafield>
    <datafield tag="801" ind1=" " ind2="2">
      <subfield code="a">RU</subfield>
      <subfield code="b">Тестовая библиотека</subfield>
      <subfield code="c">20081008</subfield>
      <subfield code="g">PSBO</subfield>
    </datafield>
    <datafield tag="899" ind1=" " ind2=" ">
      <subfield code="a">Тестовая библиотека</subfield>
      <subfield code="b">ОЧ</subfield>
      <subfield code="x">2057969</subfield>
      <subfield code="9">100.00</subfield>
      <subfield code="p">000004443</subfield>
      <subfield code="i">С78</subfield>
      <subfield code="j">60.6я7</subfield>
    </datafield>
    <datafield tag="909" ind1=" " ind2=" ">
      <subfield code="a">Однотомник.</subfield>
    </datafield>
  </record>