
  <record>
    <leader>01540nam0 2200409 i 450 </leader>
    <controlfield tag="001">TEST\0000029127</controlfield>
    <controlfield tag="005">20081222102046.9</controlfield>
    <datafield tag="010" ind1=" " ind2=" ">
      <subfield code="a">978-5-89658-033-1</subfield>
    </datafield>
    <datafield tag="010" ind1=" " ind2=" ">
      <subfield code="a">978-5-94789-232-1</subfield>
      <subfield code="b">в пер.</subfield>
      <subfield code="d">150.00</subfield>
      <subfield code="9">500</subfield>
    </datafield>
    <datafield tag="021" ind1=" " ind2=" ">
      <subfield code="a">RU</subfield>
      <subfield code="b">2008-6917</subfield>
      <subfield code="9">374</subfield>
    </datafield>
    <datafield tag="035" ind1=" " ind2=" ">
      <subfield code="a">RU\NLR\bibl\1204992</subfield>
    </datafield>
    <datafield tag="100" ind1=" " ind2=" ">
      <subfield code="a">20081210d2007####u##y0rusy0189####са</subfield>
    </datafield>
    <datafield tag="101" ind1="0" ind2=" ">
      <subfield code="a">rus</subfield>
      <subfield code="d">eng</subfield>
      <subfield code="e">eng</subfield>
    </datafield>
    <datafield tag="102" ind1=" " ind2=" ">
      <subfield code="a">RU</subfield>
    </datafield>
    <datafield tag="105" ind1=" " ind2=" ">
      <subfield code="a">a###z###|||||</subfield>
    </datafield>
    <datafield tag="106" ind1=" " ind2=" ">
      <subfield code="a">r</subfield>
    </datafield>
    <datafield tag="200" ind1="1" ind2=" ">
      <subfield code="a">Тепловодообмен в мерзлотных ландшафтах Восточной Сибири и его факторы</subfield>
      <subfield code="f">отв. ред. А.Г. Георгиади, А.Н. Золотокрылин</subfield>
      <subfield code="g">Рос. акад. наук, Ин-т географии, Ин-т мерзлотоведения им. акад. П.И. Мельникова Сиб. отд-ния</subfield>
    </datafield>
    <datafield tag="210" ind1=" " ind2=" ">
      <subfield code="a">М.</subfield>
      <subfield code="a">Тверь</subfield>
      <subfield code="c">Триада</subfield>
      <subfield code="d">2007</subfield>
    </datafield>
    <datafield tag="215" ind1=" " ind2=" ">
      <subfield code="a">575 [1] с.</subfield>
      <subfield code="c">ил.</subfield>
      <subfield code="d">22</subfield>
    </datafield>
    <datafield tag="300" ind1=" " ind2=" ">
      <subfield code="a">Рез. на англ. яз.</subfield>
    </datafield>
    <datafield tag="320" ind1=" " ind2=" ">
      <subfield code="a">Библиогр.: с. 461-480 (279 назв.), с. 561-564 (61 назв.)</subfield>
    </datafield>
    <datafield tag="606" ind1="1" ind2=" ">
      <subfield code="3">RU\NLR\auth\661489963</subfield>
      <subfield code="a">Мерзлотные ландшафты</subfield>
      <subfield code="x">Тепловлагообмен</subfield>
      <subfield code="y">Сибирь Восточная</subfield>
      <subfield code="2">nlr_sh</subfield>
    </datafield>
    <datafield tag="610" ind1="1" ind2=" ">
      <subfield code="a">Ландшафты географические</subfield>
    </datafield>
    <datafield tag="610" ind1="1" ind2=" ">
      <subfield code="a">Геосистемы</subfield>
    </datafield>
    <datafield tag="610" ind1="1" ind2=" ">
      <subfield code="a">Вечная мерзлота</subfield>
    </datafield>
    <datafield tag="610" ind1="1" ind2=" ">
      <subfield code="a">Восточная Сибирь</subfield>
    </datafield>
    <datafield tag="686" ind1=" " ind2=" ">
      <subfield code="a">26.821.2</subfield>
      <subfield code="2">rubbk</subfield>
      <subfield code="9">LBC/RL</subfield>
    </datafield>
    <datafield tag="686" ind1=" " ind2=" ">
      <subfield code="a">26.328</subfield>
      <subfield code="2">rubbk</subfield>
      <subfield code="9">LBC/RL</subfield>
    </datafield>
    <datafield tag="702" ind1=" " ind2="1">
      <subfield code="a">Георгиади</subfield>
      <subfield code="b">А. Г.</subfield>
    </datafield>
    <datafield tag="702" ind1=" " ind2="1">
      <subfield code="a">Золотокрылин</subfield>
      <subfield code="b">А. Н.</subfield>
      <subfield code="g">Александр Николаевич</subfield>
    </datafield>
    <datafield tag="712" ind1="0" ind2="2">
      <subfield code="3">RU\NLR\auth\889953196</subfield>
      <subfield code="a">Институт географии</subfield>
      <subfield code="c">Москва</subfield>
      <subfield code="4">570</subfield>
    </datafield>
    <datafield tag="801" ind1=" " ind2="0">
      <subfield code="a">RU</subfield>
      <subfield code="b">NLR</subfield>
      <subfield code="c">20080326</subfield>
      <subfield code="g">RCR</subfield>
    </datafield>
    <datafield tag="801" ind1=" " ind2="1">
      <subfield code="a">RU</subfield>
      <subfield code="b">NLR</subfield>
      <subfield code="c">20080326</subfield>
    </datafield>
    <datafield tag="801" ind1=" " ind2="2">
      <subfield code="a">RU</subfield>
      <subfield code="b">Тестовая библиотека</subfield>
      <subfield code="c">20081119</subfield>
      <subfield code="g">PSBO</subfield>
    </datafield>
    <datafield tag="830" ind1=" " ind2=" ">
      <subfield code="a">Авт. по ЭК.</subfield>
    </datafield>
    <datafield tag="899" ind1=" " ind2=" ">
      <subfield code="a">Тестовая библиотека</subfield>
      <subfield code="b">КХ</subfield>
      <subfield code="p">000016237</subfield>
      <subfield code="x">2068828</subfield>
      <subfield code="9">150.00</subfield>
      <subfield code="j">26.82</subfield>
      <subfield code="i">Т343</subfield>
    </datafield>
    <datafield tag="909" ind1=" " ind2=" ">
      <subfield code="a">Однотомник.</subfield>
    </datafield>
  </record>