
  <record>
    <leader>02059nam2 2200373 i 450 </leader>
    <controlfield tag="001">RU\TOUNB\BIBL\111661</controlfield>
    <controlfield tag="005">20111003134001.2</controlfield>
    <datafield tag="100" ind1=" " ind2=" ">
      <subfield code="a">20110624e20111891u##y0rusy0102####ca</subfield>
    </datafield>
    <datafield tag="101" ind1="0" ind2=" ">
      <subfield code="a">rus</subfield>
    </datafield>
    <datafield tag="102" ind1=" " ind2=" ">
      <subfield code="a">RU</subfield>
    </datafield>
    <datafield tag="105" ind1=" " ind2=" ">
      <subfield code="a">ab##i###|||||</subfield>
    </datafield>
    <datafield tag="106" ind1=" " ind2=" ">
      <subfield code="a">s</subfield>
    </datafield>
    <datafield tag="135" ind1=" " ind2=" ">
      <subfield code="a">drbz#nnnanaba</subfield>
    </datafield>
    <datafield tag="139" ind1=" " ind2=" ">
      <subfield code="a">czz</subfield>
      <subfield code="x">pdf</subfield>
    </datafield>
    <datafield tag="200" ind1="1" ind2=" ">
      <subfield code="a">Бежецкий уезд</subfield>
      <subfield code="f">[предисл.: И. Петрункевич, Б. Недзялковский]</subfield>
    </datafield>
    <datafield tag="210" ind1=" " ind2=" ">
      <subfield code="d">2011</subfield>
    </datafield>
    <datafield tag="230" ind1=" " ind2=" ">
      <subfield code="a">Электрон. текст. данные (144 Мб, 191 файлов)</subfield>
    </datafield>
    <datafield tag="300" ind1=" " ind2=" ">
      <subfield code="a">Загл. с экрана</subfield>
    </datafield>
    <datafield tag="300" ind1=" " ind2=" ">
      <subfield code="a">Оригинал хранится в Тверской ОУНБ</subfield>
    </datafield>
    <datafield tag="300" ind1=" " ind2=" ">
      <subfield code="a">Воспроизведение изд.:Сборник статистических сведений о Тверской губернии. Т. 6, вып. 1: Бежецкий уезд / Статистический отдел Тверской губернской земской управы. - Издание Тверскаго губернскаго земства. - Москва: Типо-литография Т-ва Кушнерев и К, 1891. - 185 с., [10] л. цв. карт.: ил., табл.; 32 см</subfield>
    </datafield>
    <datafield tag="337" ind1=" " ind2=" ">
      <subfield code="a">Режим доступа: http://docs.library.tver.ru/kraevedenie/stat_sborniki/bejecky_uezd</subfield>
    </datafield>
    <datafield tag="455" ind1=" " ind2="0">
      <subfield code="1">2001 </subfield>
      <subfield code="a">Сборник статистических сведений о Тверской губернии. Т. 6, вып. 1: Бежецкий уезд</subfield>
      <subfield code="f">Статистический отдел Тверской губернской земской управы</subfield>
      <subfield code="1">210  </subfield>
      <subfield code="a">Москва</subfield>
      <subfield code="c">Типо-литография Т-ва Кушнерев и К</subfield>
      <subfield code="d">1891</subfield>
      <subfield code="1">71102</subfield>
      <subfield code="a">Тверская губернская земская управа</subfield>
      <subfield code="b">Статистический отдел</subfield>
    </datafield>
    <datafield tag="461" ind1=" " ind2="0">
      <subfield code="1">001RU\TOUNB\BIBL\93598</subfield>
      <subfield code="1">2001 </subfield>
      <subfield code="a">Сборник статистических сведений по Тверской губернии</subfield>
      <subfield code="b">Электронный ресурс</subfield>
      <subfield code="f">Статистический отдел Тверской губернской земской управы</subfield>
      <subfield code="v">Т. 6, вып. 1</subfield>
      <subfield code="1">210  </subfield>
      <subfield code="a">Тверь</subfield>
      <subfield code="c">Тестовая библиотека</subfield>
      <subfield code="d">2011</subfield>
      <subfield code="1">801 0</subfield>
      <subfield code="a">RU</subfield>
      <subfield code="b">Тестовая библиотека</subfield>
      <subfield code="c">20110324</subfield>
      <subfield code="g">PSBO</subfield>
      <subfield code="1">801 1</subfield>
      <subfield code="a">RU</subfield>
      <subfield code="b">Тестовая библиотека</subfield>
      <subfield code="c">20110324</subfield>
    </datafield>
    <datafield tag="607" ind1=" " ind2=" ">
      <subfield code="2">Тестовая библиотека</subfield>
      <subfield code="a">Бежецкий уезд</subfield>
      <subfield code="x">Народное хозяйство</subfield>
      <subfield code="x">Статистика</subfield>
    </datafield>
    <datafield tag="610" ind1="1" ind2=" ">
      <subfield code="a">Бежецкий район (Тверская область)</subfield>
    </datafield>
    <datafield tag="610" ind1="1" ind2=" ">
      <subfield code="a">Бежецкий уезд</subfield>
    </datafield>
    <datafield tag="686" ind1=" " ind2=" ">
      <subfield code="9">LBC/RL</subfield>
      <subfield code="2">rubbk</subfield>
    </datafield>
    <datafield tag="702" ind1=" " ind2="1">
      <subfield code="a">Петрункевич</subfield>
      <subfield code="b">И.</subfield>
      <subfield code="4">080</subfield>
    </datafield>
    <datafield tag="702" ind1=" " ind2="1">
      <subfield code="a">Недзялковский</subfield>
      <subfield code="b">Б.</subfield>
      <subfield code="4">080</subfield>
    </datafield>
    <datafield tag="801" ind1=" " ind2="0">
      <subfield code="a">RU</subfield>
      <subfield code="b">Тестовая библиотека</subfield>
      <subfield code="c">20110624</subfield>
      <subfield code="g">PSBO</subfield>
    </datafield>
    <datafield tag="801" ind1=" " ind2="1">
      <subfield code="a">RU</subfield>
      <subfield code="b">Тестовая библиотека</subfield>
      <subfield code="c">20110624</subfield>
    </datafield>
    <datafield tag="856" ind1="4" ind2=" ">
      <subfield code="u">http://docs.library.tver.ru/kraevedenie/stat_sborniki/bejecky_uezd</subfield>
    </datafield>
    <datafield tag="899" ind1=" " ind2=" ">
      <subfield code="a">Тестовая библиотека</subfield>
    </datafield>
    <datafield tag="909" ind1=" " ind2=" ">
      <subfield code="a">Полтотекстовый электронн. ресурс(том, вып., часть)</subfield>
    </datafield>
  </record>