
  <record>
    <leader>02197nam0 2200397 i 450 </leader>
    <controlfield tag="001">RU\TOUNB\BIBL\114650</controlfield>
    <controlfield tag="005">20111003133848.6</controlfield>
    <datafield tag="100" ind1=" " ind2=" ">
      <subfield code="a">20110719e20111909u##y0rusy0102####ca</subfield>
    </datafield>
    <datafield tag="101" ind1="0" ind2=" ">
      <subfield code="a">rus</subfield>
    </datafield>
    <datafield tag="102" ind1=" " ind2=" ">
      <subfield code="a">RU</subfield>
    </datafield>
    <datafield tag="105" ind1=" " ind2=" ">
      <subfield code="a">a###z###|||||</subfield>
    </datafield>
    <datafield tag="106" ind1=" " ind2=" ">
      <subfield code="a">s</subfield>
    </datafield>
    <datafield tag="135" ind1=" " ind2=" ">
      <subfield code="a">drbz#nnnanaba</subfield>
    </datafield>
    <datafield tag="139" ind1=" " ind2=" ">
      <subfield code="a">czz</subfield>
      <subfield code="x">pdf</subfield>
    </datafield>
    <datafield tag="200" ind1="1" ind2=" ">
      <subfield code="a">Город Кашин, его история, святыни и достопримечательности</subfield>
      <subfield code="b">Электронный ресурс</subfield>
      <subfield code="e">(с кратким житием благоверной кн. Анны)</subfield>
      <subfield code="e">ко дню торжеств в честь св. бл. кн. Анны историко-археологический путеводитель по городу с 13-ю рисунками</subfield>
      <subfield code="f">священник Иоанн Завьялов</subfield>
    </datafield>
    <datafield tag="210" ind1=" " ind2=" ">
      <subfield code="a">Тверь</subfield>
      <subfield code="c">Тестовая библиотека</subfield>
      <subfield code="d">2011</subfield>
    </datafield>
    <datafield tag="230" ind1=" " ind2=" ">
      <subfield code="a">Электронн. текст. данные (77,1 Мб, 116 файлов)</subfield>
    </datafield>
    <datafield tag="300" ind1=" " ind2=" ">
      <subfield code="a">Загл. с экрана</subfield>
    </datafield>
    <datafield tag="300" ind1=" " ind2=" ">
      <subfield code="a">Оригинал хранится в Тверской ОУНБ</subfield>
    </datafield>
    <datafield tag="300" ind1=" " ind2=" ">
      <subfield code="a">Воспроизведение изд.: Город Кашин, его история, святыни и достопримечательности:(с кратким житием благоверной кн. Анны: ко дню торжеств в честь св. бл. кн. Анны историко-археологический путеводитель по городу с 13-ю рисунками / священник Иоанн Завьялов. - Санкт-Петербург: Тип. "Колокол", 1909.- 111, [1] с.:ил.; 21 см</subfield>
    </datafield>
    <datafield tag="337" ind1=" " ind2=" ">
      <subfield code="a">Режим доступа: http://docs.library.tver.ru/kraevedenie/gorod_kashin_istoria_sviatini</subfield>
    </datafield>
    <datafield tag="455" ind1=" " ind2="0">
      <subfield code="1">2001 </subfield>
      <subfield code="a">Город Кашин, его история, святыни и достопримечательности</subfield>
      <subfield code="e">(с кратким житием благоверной кн. Анны)</subfield>
      <subfield code="e">ко дню торжеств в честь св. бл. кн. Анны историко-археологический путеводитель по городу с 13-ю рисунками</subfield>
      <subfield code="f">священник Иоанн Завьялов</subfield>
      <subfield code="1">700 1</subfield>
      <subfield code="a">Завьялов</subfield>
      <subfield code="b">И.</subfield>
      <subfield code="g">Иоанн</subfield>
      <subfield code="c">священник</subfield>
    </datafield>
    <datafield tag="600" ind1=" " ind2="1">
      <subfield code="2">nlr_sh1</subfield>
      <subfield code="3">RU\NLR\AUTH\661237397</subfield>
      <subfield code="a">Анна Кашинская</subfield>
      <subfield code="c">св.</subfield>
      <subfield code="f">1278 - 1368</subfield>
    </datafield>
    <datafield tag="607" ind1=" " ind2=" ">
      <subfield code="2">nlr_sh</subfield>
      <subfield code="3">RU\NLR\AUTH\661280027</subfield>
      <subfield code="a">Кашин, г. (Тверская обл.)</subfield>
      <subfield code="x">История</subfield>
    </datafield>
    <datafield tag="610" ind1="1" ind2=" ">
      <subfield code="a">Тверская область</subfield>
    </datafield>
    <datafield tag="610" ind1="1" ind2=" ">
      <subfield code="a">Кашин (город)</subfield>
      <subfield code="x">История</subfield>
    </datafield>
    <datafield tag="610" ind1="1" ind2=" ">
      <subfield code="a">Православная Церковь русская</subfield>
      <subfield code="x">Агиография</subfield>
    </datafield>
    <datafield tag="610" ind1="1" ind2=" ">
      <subfield code="a">Анна Кашинская</subfield>
    </datafield>
    <datafield tag="686" ind1=" " ind2=" ">
      <subfield code="a">63.3(2Р-4Тв)</subfield>
      <subfield code="2">rubbk</subfield>
      <subfield code="9">LBC/RL</subfield>
    </datafield>
    <datafield tag="686" ind1=" " ind2=" ">
      <subfield code="a">86.372.24-3</subfield>
      <subfield code="2">rubbk</subfield>
      <subfield code="9">LBC/RL</subfield>
    </datafield>
    <datafield tag="700" ind1=" " ind2="1">
      <subfield code="a">Завьялов</subfield>
      <subfield code="b">И.</subfield>
      <subfield code="g">Иоанн</subfield>
      <subfield code="c">священник</subfield>
    </datafield>
    <datafield tag="801" ind1=" " ind2="0">
      <subfield code="a">RU</subfield>
      <subfield code="b">Тестовая библиотека</subfield>
      <subfield code="c">20110719</subfield>
      <subfield code="g">PSBO</subfield>
    </datafield>
    <datafield tag="801" ind1=" " ind2="1">
      <subfield code="a">RU</subfield>
      <subfield code="b">Тестовая библиотека</subfield>
      <subfield code="c">20110719</subfield>
    </datafield>
    <datafield tag="856" ind1="4" ind2=" ">
      <subfield code="u">http://docs.library.tver.ru/kraevedenie/gorod_kashin_istoria_sviatini</subfield>
    </datafield>
    <datafield tag="899" ind1=" " ind2=" ">
      <subfield code="a">Тестовая библиотека</subfield>
    </datafield>
    <datafield tag="909" ind1=" " ind2=" ">
      <subfield code="a">Полнотекстовый электронный ресурс. Однотомник</subfield>
    </datafield>
  </record>