
  <record>
    <leader>02075nam2 2200349 i 450 </leader>
    <controlfield tag="001">RU\TOUNB\BIBL\115240</controlfield>
    <controlfield tag="005">20111003123617.5</controlfield>
    <datafield tag="100" ind1=" " ind2=" ">
      <subfield code="a">20110725e20111899u##y0rusy0102####ca</subfield>
    </datafield>
    <datafield tag="101" ind1="0" ind2=" ">
      <subfield code="a">rus</subfield>
    </datafield>
    <datafield tag="102" ind1=" " ind2=" ">
      <subfield code="a">RU</subfield>
    </datafield>
    <datafield tag="105" ind1=" " ind2=" ">
      <subfield code="a">ab##i###|||||</subfield>
    </datafield>
    <datafield tag="106" ind1=" " ind2=" ">
      <subfield code="a">s</subfield>
    </datafield>
    <datafield tag="135" ind1=" " ind2=" ">
      <subfield code="a">drbz#nnnanaba</subfield>
    </datafield>
    <datafield tag="139" ind1=" " ind2=" ">
      <subfield code="a">czz</subfield>
      <subfield code="x">pdf</subfield>
    </datafield>
    <datafield tag="200" ind1="1" ind2=" ">
      <subfield code="a">Корчевской уезд</subfield>
      <subfield code="b">Электронный ресурс</subfield>
      <subfield code="e">описание уезда (текст) с 3 схематическими картами - почвенной, гипсометрической и геологической</subfield>
    </datafield>
    <datafield tag="210" ind1=" " ind2=" ">
      <subfield code="d">2011</subfield>
    </datafield>
    <datafield tag="230" ind1=" " ind2=" ">
      <subfield code="a">Электрон. текст. данные (141 Мб, 180 файлов)</subfield>
    </datafield>
    <datafield tag="300" ind1=" " ind2=" ">
      <subfield code="a">Загл. с экрана</subfield>
    </datafield>
    <datafield tag="300" ind1=" " ind2=" ">
      <subfield code="a">Оригинал хранится в Тверской ОУНБ</subfield>
    </datafield>
    <datafield tag="300" ind1=" " ind2=" ">
      <subfield code="a">Воспроизведение изд.: Сборник статистических сведений по Тверской губернии. Т. 9, вып. 1: Корчевской уезд / Статистический отдел Тверской губернской  земской управы. - Издание Тверскаго губернскаго земства. - Тверь : Типография Губернского Правления, 1899. -  173, [1] с., [2] л. цв. карт.: табл.; 32 см</subfield>
    </datafield>
    <datafield tag="327" ind1="0" ind2=" ">
      <subfield code="a">Режим доступа: http://docs.library.tver.ru/kraevedenie/stat_sborniki/korchevskoi_uezd</subfield>
    </datafield>
    <datafield tag="455" ind1=" " ind2="1">
      <subfield code="1">2001 </subfield>
      <subfield code="a">Сборник статистических сведений о Тверской губернии. Т. 9, вып. 1: Корчевской уезд</subfield>
      <subfield code="f">Статистический отдел Тверской губернской земской управы</subfield>
      <subfield code="1">210  </subfield>
      <subfield code="a">Тверь</subfield>
      <subfield code="c">Типография Губернского Правления</subfield>
      <subfield code="d">1899</subfield>
      <subfield code="1">71102</subfield>
      <subfield code="a">Тверская губернская земская управа</subfield>
      <subfield code="b">Статистический отдел</subfield>
    </datafield>
    <datafield tag="461" ind1=" " ind2="0">
      <subfield code="1">001RU\TOUNB\BIBL\93598</subfield>
      <subfield code="1">2001 </subfield>
      <subfield code="a">Сборник статистических сведений по Тверской губернии</subfield>
      <subfield code="b">Электронный ресурс</subfield>
      <subfield code="f">Статистический отдел Тверской губернской земской управы</subfield>
      <subfield code="v">Т. 9, вып. 1</subfield>
      <subfield code="1">210  </subfield>
      <subfield code="a">Тверь</subfield>
      <subfield code="c">Тестовая библиотека</subfield>
      <subfield code="d">2011</subfield>
      <subfield code="1">801 0</subfield>
      <subfield code="a">RU</subfield>
      <subfield code="b">Тестовая библиотека</subfield>
      <subfield code="c">20110324</subfield>
      <subfield code="g">PSBO</subfield>
      <subfield code="1">801 1</subfield>
      <subfield code="a">RU</subfield>
      <subfield code="b">Тестовая библиотека</subfield>
      <subfield code="c">20110324</subfield>
    </datafield>
    <datafield tag="607" ind1=" " ind2=" ">
      <subfield code="2">Тестовая библиотека</subfield>
      <subfield code="a">Корчевской уезд</subfield>
      <subfield code="x">Народное хозяйство</subfield>
      <subfield code="x">Статистика</subfield>
    </datafield>
    <datafield tag="610" ind1="1" ind2=" ">
      <subfield code="a">Конаковский район (Тверская область)</subfield>
    </datafield>
    <datafield tag="610" ind1="1" ind2=" ">
      <subfield code="a">Корчевской уезд</subfield>
    </datafield>
    <datafield tag="686" ind1=" " ind2=" ">
      <subfield code="2">rubbk</subfield>
      <subfield code="9">LBC/RL</subfield>
    </datafield>
    <datafield tag="801" ind1=" " ind2="0">
      <subfield code="a">RU</subfield>
      <subfield code="b">Тестовая библиотека</subfield>
      <subfield code="c">20110725</subfield>
      <subfield code="g">PSBO</subfield>
    </datafield>
    <datafield tag="801" ind1=" " ind2="1">
      <subfield code="a">RU</subfield>
      <subfield code="b">Тестовая библиотека</subfield>
      <subfield code="c">20110725</subfield>
    </datafield>
    <datafield tag="856" ind1="4" ind2=" ">
      <subfield code="u">http://docs.library.tver.ru/kraevedenie/stat_sborniki/korchevskoi_uezd</subfield>
    </datafield>
    <datafield tag="899" ind1=" " ind2=" ">
      <subfield code="a">Тестовая библиотека</subfield>
    </datafield>
    <datafield tag="909" ind1=" " ind2=" ">
      <subfield code="a">Полтотекстовый электронн. ресурс(том, вып., часть)</subfield>
    </datafield>
  </record>