
  <record>
    <leader>02076nam2 2200361 i 450 </leader>
    <controlfield tag="001">RU\TOUNB\BIBL\115293</controlfield>
    <controlfield tag="005">20111003133919.3</controlfield>
    <datafield tag="100" ind1=" " ind2=" ">
      <subfield code="a">20110725e20111891u##y0rusy0102####ca</subfield>
    </datafield>
    <datafield tag="101" ind1="0" ind2=" ">
      <subfield code="a">rus</subfield>
    </datafield>
    <datafield tag="102" ind1=" " ind2=" ">
      <subfield code="a">RU</subfield>
    </datafield>
    <datafield tag="105" ind1=" " ind2=" ">
      <subfield code="a">y###i###||1||</subfield>
    </datafield>
    <datafield tag="106" ind1=" " ind2=" ">
      <subfield code="a">s</subfield>
    </datafield>
    <datafield tag="135" ind1=" " ind2=" ">
      <subfield code="a">drbz#nnnanaba</subfield>
    </datafield>
    <datafield tag="139" ind1=" " ind2=" ">
      <subfield code="a">czz</subfield>
      <subfield code="x">pdf</subfield>
    </datafield>
    <datafield tag="200" ind1="1" ind2=" ">
      <subfield code="a">Бежецкий уезд</subfield>
      <subfield code="e">таблицы сведений об экономическом положении крестьянских селений и частновладельческого хозяйства</subfield>
    </datafield>
    <datafield tag="210" ind1=" " ind2=" ">
      <subfield code="d">2011</subfield>
    </datafield>
    <datafield tag="230" ind1=" " ind2=" ">
      <subfield code="a">Электрон. текст. данные (252 Мб, 212 файлов)</subfield>
    </datafield>
    <datafield tag="300" ind1=" " ind2=" ">
      <subfield code="a">Загл. с экрана</subfield>
    </datafield>
    <datafield tag="300" ind1=" " ind2=" ">
      <subfield code="a">Оригинал хранится в Тверской ОУНБ</subfield>
    </datafield>
    <datafield tag="300" ind1=" " ind2=" ">
      <subfield code="a">Воспроизведение изд.:Сборник статистических сведений о Тверской губернии. Т. 6, вып. 2: Бежецкий уезд / Статистический отдел Тверской губернской земской управы. - Издание Тверскаго губернскаго земства. - Москва: Типо-Литография Ф. С. Муравьева, 1891. - 261, 71 с.; 32 см</subfield>
    </datafield>
    <datafield tag="320" ind1=" " ind2=" ">
      <subfield code="a">Алф. указ. населенных мест Бежецкого уезда: с. 55-69</subfield>
    </datafield>
    <datafield tag="337" ind1=" " ind2=" ">
      <subfield code="a">Режим доступа: http://docs.library.tver.ru/kraevedenie/stat_sborniki/bejecky_uezd2</subfield>
    </datafield>
    <datafield tag="455" ind1=" " ind2="0">
      <subfield code="1">2001 </subfield>
      <subfield code="a">Сборник статистических сведений о Тверской губернии. Т. 6, вып. 1: Бежецкий уезд</subfield>
      <subfield code="f">Статистический отдел Тверской губернской земской управы</subfield>
      <subfield code="1">210  </subfield>
      <subfield code="a">Москва</subfield>
      <subfield code="c">Типо-Литография Ф. С. Муравьева</subfield>
      <subfield code="d">1891</subfield>
      <subfield code="1">71102</subfield>
      <subfield code="a">Тверская губернская земская управа</subfield>
      <subfield code="b">Статистический отдел</subfield>
    </datafield>
    <datafield tag="461" ind1=" " ind2="0">
      <subfield code="1">001RU\TOUNB\BIBL\93598</subfield>
      <subfield code="1">2001 </subfield>
      <subfield code="a">Сборник статистических сведений по Тверской губернии</subfield>
      <subfield code="b">Электронный ресурс</subfield>
      <subfield code="f">Статистический отдел Тверской губернской земской управы</subfield>
      <subfield code="v">Т. 6, вып. 2</subfield>
      <subfield code="1">210  </subfield>
      <subfield code="a">Тверь</subfield>
      <subfield code="c">Тестовая библиотека</subfield>
      <subfield code="d">2011</subfield>
      <subfield code="1">801 0</subfield>
      <subfield code="a">RU</subfield>
      <subfield code="b">Тестовая библиотека</subfield>
      <subfield code="c">20110324</subfield>
      <subfield code="g">PSBO</subfield>
      <subfield code="1">801 1</subfield>
      <subfield code="a">RU</subfield>
      <subfield code="b">Тестовая библиотека</subfield>
      <subfield code="c">20110324</subfield>
    </datafield>
    <datafield tag="607" ind1=" " ind2=" ">
      <subfield code="2">Тестовая библиотека</subfield>
      <subfield code="a">Бежецкий уезд</subfield>
      <subfield code="x">Народное хозяйство</subfield>
      <subfield code="x">Статистика</subfield>
    </datafield>
    <datafield tag="610" ind1="1" ind2=" ">
      <subfield code="a">Бежецкий район (Тверская область)</subfield>
    </datafield>
    <datafield tag="610" ind1="1" ind2=" ">
      <subfield code="a">Бежецкий уезд</subfield>
    </datafield>
    <datafield tag="686" ind1=" " ind2=" ">
      <subfield code="2">rubbk</subfield>
      <subfield code="9">LBC/RL</subfield>
    </datafield>
    <datafield tag="801" ind1=" " ind2="0">
      <subfield code="a">RU</subfield>
      <subfield code="b">Тестовая библиотека</subfield>
      <subfield code="c">20110624</subfield>
      <subfield code="g">PSBO</subfield>
    </datafield>
    <datafield tag="801" ind1=" " ind2="1">
      <subfield code="a">RU</subfield>
      <subfield code="b">Тестовая библиотека</subfield>
      <subfield code="c">20110624</subfield>
    </datafield>
    <datafield tag="856" ind1="4" ind2=" ">
      <subfield code="u">http://docs.library.tver.ru/kraevedenie/stat_sborniki/bejecky_uezd2</subfield>
    </datafield>
    <datafield tag="899" ind1=" " ind2=" ">
      <subfield code="a">Тестовая библиотека</subfield>
    </datafield>
    <datafield tag="909" ind1=" " ind2=" ">
      <subfield code="a">Полтотекстовый электронн. ресурс(том, вып., часть)</subfield>
    </datafield>
  </record>
</collection>
